@article{Ji et al., 2019,
  title={A context knowledge map guided coarse-to-fine action recognition},
  author={Ji, Yanli and Zhan, Yue and Yang, Yang and Xu, Xing and Shen, Fumin and Shen, Heng Tao},
  journal={IEEE Transactions on Image Processing},
  volume={29},
  pages={2742--2752},
  year={2019},
  publisher={IEEE}
}
@inproceedings{Li et al., 2020,
  title={Detailed 2d-3d joint representation for human-object interaction},
  author={Li, Yong-Lu and Liu, Xinpeng and Lu, Han and Wang, Shiyi and Liu, Junqi and Li, Jiefeng and Lu, Cewu},
  booktitle={Proceedings of the IEEE/CVF Conference on Computer Vision and Pattern Recognition},
  pages={10166--10175},
  year={2020}
}
@inproceedings{Mao et al., 2019,
  title={Learning trajectory dependencies for human motion prediction},
  author={Mao, Wei and Liu, Miaomiao and Salzmann, Mathieu and Li, Hongdong},
  booktitle={Proceedings of the IEEE/CVF International Conference on Computer Vision},
  pages={9489--9497},
  year={2019}
}
@inproceedings{Wu and Xiao, 2020,
  title={3d human pose estimation via explicit compositional depth maps},
  author={Wu, Haiping and Xiao, Bin},
  booktitle={Proceedings of the AAAI Conference on Artificial Intelligence},
  volume={34},
  number={07},
  pages={12378--12385},
  year={2020}
}
@inproceedings{Yan et al., 2018,
  title={Spatial temporal graph convolutional networks for skeleton-based action recognition},
  author={Yan, Sijie and Xiong, Yuanjun and Lin, Dahua},
  booktitle={Thirty-second AAAI conference on artificial intelligence},
  year={2018}
}
@inproceedings{Zhao et al., 2019,
  title={Semantic graph convolutional networks for 3d human pose regression},
  author={Zhao, Long and Peng, Xi and Tian, Yu and Kapadia, Mubbasir and Metaxas, Dimitris N},
  booktitle={Proceedings of the IEEE/CVF Conference on Computer Vision and Pattern Recognition},
  pages={3425--3435},
  year={2019}
}
@inproceedings{Zhou et al., 2017,
  title={Towards 3d human pose estimation in the wild: a weakly-supervised approach},
  author={Zhou, Xingyi and Huang, Qixing and Sun, Xiao and Xue, Xiangyang and Wei, Yichen},
  booktitle={Proceedings of the IEEE International Conference on Computer Vision},
  pages={398--407},
  year={2017}
}