@misc{code,
  note = {Mobilenetv2 source code},
  howpublished = "\url{https://github.com/tensorflow/models/tree/master/research/slim/nets/mobilenet}"
}
@article{russakovsky2015imagenet,
	title        = {Imagenet large scale visual recognition challenge},
	author       = {Russakovsky, Olga and Deng, Jia and Su, Hao and Krause, Jonathan and Satheesh, Sanjeev and Ma, Sean and Huang, Zhiheng and Karpathy, Andrej and Khosla, Aditya and Bernstein, Michael and others},
	year         = 2015,
	journal      = {International journal of computer vision},
	publisher    = {Springer},
	volume       = 115,
	number       = 3,
	pages        = {211--252}
}
@inproceedings{lin2014microsoft,
	title        = {Microsoft coco: Common objects in context},
	author       = {Lin, Tsung-Yi and Maire, Michael and Belongie, Serge and Hays, James and Perona, Pietro and Ramanan, Deva and Doll{\'a}r, Piotr and Zitnick, C Lawrence},
	year         = 2014,
	booktitle    = {European conference on computer vision},
	pages        = {740--755},
	organization = {Springer}
}
@article{williams2014pascal,
	title        = {The Pascal Visual Object Classes Challenge: A Retrospective},
	author       = {Williams, CKI and Winn, J and Zisserman, A and Van Gool, L and Eslami, SMA and Everingham, M},
	year         = 2014,
	journal      = {Int. J. Comput. Vis.},
	volume       = 111,
	number       = 1,
	pages        = 98136
}
@article{krizhevsky2012imagenet,
	title        = {Imagenet classification with deep convolutional neural networks},
	author       = {Krizhevsky, Alex and Sutskever, Ilya and Hinton, Geoffrey E},
	year         = 2012,
	journal      = {Advances in neural information processing systems},
	volume       = 25
}
@article{simonyan2014very,
	title        = {Very deep convolutional networks for large-scale image recognition},
	author       = {Simonyan, Karen and Zisserman, Andrew},
	year         = 2014,
	journal      = {arXiv preprint arXiv:1409.1556}
}
@inproceedings{szegedy2015going,
	title        = {Going deeper with convolutions},
	author       = {Szegedy, Christian and Liu, Wei and Jia, Yangqing and Sermanet, Pierre and Reed, Scott and Anguelov, Dragomir and Erhan, Dumitru and Vanhoucke, Vincent and Rabinovich, Andrew},
	year         = 2015,
	booktitle    = {Proceedings of the IEEE conference on computer vision and pattern recognition},
	pages        = {1--9}
}
@inproceedings{he2016deep,
	title        = {Deep residual learning for image recognition},
	author       = {He, Kaiming and Zhang, Xiangyu and Ren, Shaoqing and Sun, Jian},
	year         = 2016,
	booktitle    = {Proceedings of the IEEE conference on computer vision and pattern recognition},
	pages        = {770--778}
}
@article{bergstra2012random,
	title        = {Random search for hyper-parameter optimization.},
	author       = {Bergstra, James and Bengio, Yoshua},
	year         = 2012,
	journal      = {Journal of machine learning research},
	volume       = 13,
	number       = 2
}
@article{snoek2012practical,
	title        = {Practical bayesian optimization of machine learning algorithms},
	author       = {Snoek, Jasper and Larochelle, Hugo and Adams, Ryan P},
	year         = 2012,
	journal      = {Advances in neural information processing systems},
	volume       = 25
}
